/home/edisz/Documents/Uni/Projects/PHD/6USETHEGLM/manuscript/revision/report/references.bib